<?xml version="1.0" encoding="UTF-8"?><collection xmlns="http://www.loc.gov/MARC21/slim"><record><leader>00401nam--2200133-i-4500</leader><controlfield tag="001">000047974</controlfield><controlfield tag="002">20161230</controlfield><controlfield tag="005">20161230201046</controlfield><controlfield tag="008">060222s1000------------r-----000-0-eng-d</controlfield><datafield ind1=" " ind2=" " tag="245"><subfield code="a">Phosphoric esters and related copounds. report of a symsposium held at the cambridge 1957</subfield></datafield><datafield ind1=" " ind2=" " tag="260"><subfield code="a">London, The Chemical Society, 1957, 183p</subfield></datafield><datafield ind1=" " ind2=" " tag="490"><subfield code="a">Special Publ</subfield></datafield><datafield ind1=" " ind2=" " tag="700"><subfield code="a">Kenner,G.W.,Brown,D.M</subfield></datafield><datafield ind1=" " ind2=" " tag="852"><subfield code="a">14038</subfield></datafield></record></collection>